@book{langtangen-difusion,
  author    = {Langtangen, H. P.},
  year      = {2013},
  title     = {Finite difference methods for diffusion processes},
  publisher = {University of Oslo}
}

@book{burden-gauss,
  author    = {Richard L. Burden and J. Douglas Faires},
  year      = {1985},
  title     = {Numerical Analysis},
  publisher = {Grupo Editorial Iberoam√©rica},
  chapter   = {6.2},
  pages     = {324}
}
